<?xml version="1.0" encoding="UTF-8"?>
<SOAP-ENV:Envelope xmlns:SOAP-ENV="http://schemas.xmlsoap.org/soap/envelope/" xmlns:of="http://oss.dbc.dk/ns/openformat" xmlns:ofo="http://oss.dbc.dk/ns/openformatoutput"><SOAP-ENV:Body><of:formatResponse><marc21><mx:record xmlns:mx="http://www.loc.gov/MARC21/slim" format="MARC21" type="Bibliographic"><mx:leader>00000njm a22000000c 4500</mx:leader><mx:controlfield tag="007">s|||||||||||||</mx:controlfield><mx:controlfield tag="008">020222s2002    xx |||||         | |eng|d</mx:controlfield><mx:datafield ind1=" " ind2=" " tag="020"><mx:subfield code="a">(brugsretskategori: E)</mx:subfield><mx:subfield code="c">kr. 912,50</mx:subfield></mx:datafield><mx:datafield ind1="1" ind2=" " tag="029"><mx:subfield code="a">DKDLA</mx:subfield><mx:subfield code="b">870970-basis:23954915</mx:subfield></mx:datafield><mx:datafield ind1=" " ind2=" " tag="040"><mx:subfield code="a">DKDLA</mx:subfield><mx:subfield code="b">dan</mx:subfield><mx:subfield code="c">DKDLA</mx:subfield></mx:datafield><mx:datafield ind1="1" ind2=" " tag="041"><mx:subfield code="a">eng</mx:subfield><mx:subfield code="j">eng</mx:subfield><mx:subfield code="j">spa</mx:subfield></mx:datafield><mx:datafield ind1=" " ind2=" " tag="084"><mx:subfield code="a">78.794-5</mx:subfield><mx:subfield code="2">z</mx:subfield></mx:datafield><mx:datafield ind1="2" ind2=" " tag="110"><mx:subfield code="a">Rage Against the Machine</mx:subfield></mx:datafield><mx:datafield ind1="1" ind2="0" tag="245"><mx:subfield code="a">The battle of Mexico City</mx:subfield><mx:subfield code="h">[lydoptagelse]</mx:subfield></mx:datafield><mx:datafield ind1=" " ind2=" " tag="260"><mx:subfield code="a">[S.l.] :</mx:subfield><mx:subfield code="b">SMV Enterprisis ;</mx:subfield><mx:subfield code="a">[Ballerup] :</mx:subfield><mx:subfield code="b">distribution: DBC medier,</mx:subfield><mx:subfield code="c">[2002]</mx:subfield></mx:datafield><mx:datafield ind1=" " ind2=" " tag="300"><mx:subfield code="a">1 dvd-video (68 min.) :</mx:subfield><mx:subfield code="b">surround</mx:subfield></mx:datafield><mx:datafield ind1="2" ind2=" " tag="505"><mx:subfield code="a">Af indholdet: Bonus features (Photo gallery ; Interview with Noam Chomsky ; Interview with Marcos ; Pre-show segment ; Tom Morello's tour of Mexico City ; Dvd-rom "Rage context")</mx:subfield></mx:datafield><mx:datafield ind1="1" ind2=" " tag="700"><mx:subfield code="a">De la Rocha, Zack</mx:subfield></mx:datafield><mx:datafield ind1="1" ind2=" " tag="700"><mx:subfield code="a">Bob, Tim</mx:subfield></mx:datafield><mx:datafield ind1="1" ind2=" " tag="700"><mx:subfield code="a">Wilk, Brad</mx:subfield></mx:datafield><mx:datafield ind1="1" ind2=" " tag="700"><mx:subfield code="a">Morello, Tom</mx:subfield></mx:datafield><mx:datafield ind1=" " ind2=" " tag="901"><mx:subfield code="a">781</mx:subfield></mx:datafield></mx:record><hs activity="insert">DKDLA</hs><hs activity="insert">DKB</hs></marc21></of:formatResponse></SOAP-ENV:Body></SOAP-ENV:Envelope>
